% misc

@book{kraut2011krautov,
    author = {Kraut, Bojan},
    title = {Krautov strojniški priročnik},
    publisher = {Littera picta},
    year = {2011},
    address = {Ljubljana},
 }

@misc{SlavicPython,
    author = {Slavič, Janko},
    Institution = {fakulteta za strojništvo},
    title = {Programiranje in numerične metode v ekosistemu Pythona},
    howpublished  = {Dostopno na: https://jankoslavic.github.io/pypinm.io/},
    note = {Ogled: 23. 7. 2020}
}

@misc{PLA_Wiki,
    title = "Polylactic acid",
    howpublished = "V Wikipediji. Dostopno na: \url{https://en.wikipedia.org/wiki/Polylactic_acid}",
    note = "ogled: 30. 05. 2021",
}

@misc{Glass_transition_Wiki,
    title = "Glass transition",
    howpublished = "V Wikipediji. Dostopno na: \url{https://en.wikipedia.org/wiki/Glass_transition}",
    note = "ogled: 30. 05. 2021",
}

@misc{protoplant,
    title = "ProtoPlant's Protopasta",
    howpublished = "Dostopno na: \url{https://www.proto-pasta.com/pages/conductive-pla}",
    note = "ogled: 15. 06. 2021",
}

@misc{SD3D_PLA,
    title = "SD3D PLA Techinal Data",
    howpublished = "Dostopno na: \url{https://www.sd3d.com/3d-printing/materials/}",
    note = "ogled: 15. 06. 2021",
}

@techreport{huang2016harmonic,
  title={A harmonic balance method for PDEs},
  author={Huang, Andy C},
  year={2016},
  institution={Sandia National Lab.(SNL-NM), Albuquerque, NM (United States); Sandia~…}
}

% books

@book{rao2007ContinuousSystems,
    author = {Rao, Singiresu},
    title = {Vibrations of Continuous Systems},
    publisher = {Pearson Education, Inc},
    year = {2017},
    address = {Hoboken, NJ},
 }
 
 @book{rao2017mechanical,
    author = {Rao, Singiresu},
    title = {Mechanical vibrations},
    publisher = {John Wiley \& Sons, Inc},
    year = {2007},
    address = {Hoboken, NJ},
 }

 @book{rao2010theFEMinEngineering,
    author = {Rao, Singiresu},
    title = {The finite element method in engineering},
    publisher = {Butterworth-Heinemann},
    year = {2010},
    address = {Oxford Elsevier},
 }
 
 @book{logan2017firstcourseinFEM,
    author = {Logan, Daryl},
    title = {A first course in the finite element method},
    publisher = {Cengage Learning},
    year = {2017},
    address = {Boston, MA},
 }
 
 @inbook{boltezar2010mehanska,
    author = {Boltežar, Miha},
    title = {Nihanja sistemov z več prostostnimi stopnjami},
    booktitle = {Mehanska nihanja 1. del},
    publisher = {Fakulteta za strojništvo},
    year = {2010},
    address = {Ljubljana},
    pages = {165--177},
 }

@book{thompson2017ansys,
    author = {Thompson, Mary},
    title = {ANSYS Mechanical APDL for Finite Element Analysis},
    publisher = {Elsevier Science},
    year = {2017},
    address = {San Diego},
 }
 
 @book{thomsen2003vibrations,
  title={Vibrations and stability},
  author={Thomsen, Jon Juel and Thomsen, Jon J and Thomsen, JJ},
  volume={2},
  year={2003},
  publisher={Springer}
}

@book{Crisfield2000,
  title={Non-linear Finite Element Analysis of Solids and Structures},
  author={M.A. Crisfield},
  volume={1},
  year={2000},
  publisher={John Wiley \& Sons}
}
 
% review articles
@article{Dalela2022,
  title     = "A review on application of mechanical metamaterials for vibration control",
  author    = "Dalela, Srajan and Balaji, P S and Jena, D P",
  journal   = "Mech. Adv. Mater. Struct.",
  publisher = "Informa UK Limited",
  volume    =  29,
  number    =  22,
  pages     = "3237--3262",
  month     =  aug,
  year      =  2022,
}

@article{Ji2021,
  title     = "Vibration control based metamaterials and origami structures: A state-of-the-art review",
  author    = "Ji, J C and Luo, Quantian and Ye, Kan",
  journal   = "Mech. Syst. Signal Process.",
  publisher = "Elsevier BV",
  volume    =  161,
  number    =  107945,
  pages     = "107945",
  month     =  dec,
  year      =  2021,
  language  = "en"
}


% Quasy-zero-stiffness articles

@article{dalela2022design,
  title={Design of a metastructure for vibration isolation with quasi-zero-stiffness characteristics using bistable curved beam},
  author={Dalela, Srajan and Balaji, PS and Jena, DP},
  journal={Nonlinear Dynamics},
  volume={108},
  number={3},
  pages={1931--1971},
  year={2022},
  publisher={Springer}
}

@article{fan2020design,
  title={Design of metastructures with quasi-zero dynamic stiffness for vibration isolation},
  author={Fan, Haigui and Yang, Lijuan and Tian, Yuchen and Wang, Zewu},
  journal={Composite Structures},
  volume={243},
  pages={112244},
  year={2020},
  publisher={Elsevier}
}

@article{cai2020design,
  title={Design and numerical validation of quasi-zero-stiffness metamaterials for very low-frequency band gaps},
  author={Cai, Changqi and Zhou, Jiaxi and Wu, Linchao and Wang, Kai and Xu, Daolin and Ouyang, Huajiang},
  journal={Composite structures},
  volume={236},
  pages={111862},
  year={2020},
  publisher={Elsevier}
}

@article{lazarov2007low,
  title={Low-frequency band gaps in chains with attached non-linear oscillators},
  author={Lazarov, Boyan Stefanov and Jensen, Jakob S{\o}ndergaard},
  journal={International Journal of Non-Linear Mechanics},
  volume={42},
  number={10},
  pages={1186--1193},
  year={2007},
  publisher={Elsevier}
}

@article{lan2014design,
  title={Design and experiment of a compact quasi-zero-stiffness isolator capable of a wide range of loads},
  author={Lan, Chao-Chieh and Yang, Sheng-An and Wu, Yi-Syuan},
  journal={Journal of Sound and Vibration},
  volume={333},
  number={20},
  pages={4843--4858},
  year={2014},
  publisher={Elsevier}
}

@inproceedings{liu2000microelectromech,
  title={Microelectromech},
  author={Liu, RH and Stremler, MA and Sharp, KV and Olsen, MG and Santiago, JG and Adrian, RJ and Aref, H and Beebe, DJJ and Beebe, JJ},
  booktitle={Syst},
  volume={9},
  number={2},
  pages={190--197},
  year={2000}
}

% Material study articles
 
@article{Soft-Actuators_Al-Rubaiai,
    author = {Mohamed Al-Rubaiai and Thassyo Pinto and Chunqi Qian and Xiaobo Tan},
    title = {Soft Actuators with Stifness and Shape Modulatio Using 3D-Printed Conductive PLA},
    journal = {SoRo Soft Robotics},
    volume = {0},
    year = {2018},    
    pages = {1-15},
}   

@article{3D-Printed-Ready-To-Use-Variable-Stiffness-Structures,
    author = {Majid Taghavi and Tim Helps and Boxiong Huang and Jonathan Rossiter},
    title = {3D-Printed Ready-To-Use Variable-Stiffness Structures},
    journal = {IEEE Robotics and Automation Letters},
    volume = {3},
    year = {2018},    
    pages = {2402-2407},
}  

@article{Thermal-properties-of-samples,
    author = {Oldrich Zmeskal and Lucie Marackova and Tereza Lapicikova and Premysl Mencik and Radek Prikryl},
    title = {Thermal properties of samples prepared from polyactic acid by 3D printing},
    journal = {AIP Conference Proceedings},
    volume = {2305},
    year = {2020},    
    pages = {020022-1-7},
}  

@article{Pintelon_2003, 
    title={Measurement of young’s modulus via modal analysis experiments: a system identification approach}, 
    journal={13th IFAC Symposium on System Identification}, 
    author={R. Pintelon and P. Guillaume and K. De Belder and Y. Rolain}, 
    pages={375--380},
    year={2003}
} 

@article{Kosir_2021,
  title = {Karakterizacija mehanskih lastnosti FFF 3D natisnjenih struktur},
  author = {Tilen Košir and Janko SLavič},
  journal = {Slovensko društvo za mehaniko srečanje Kuhljevi dnevi},
  year = {2021},
}

 
@article{Bizjan_2021,
  title = {Dinamika 3D natisnjenih termoaktivnih blažilcev},
  author = {Gašper Bizjan},
  journal = {Študentska tehniška konferenca ŠTeKam 2021},
  year = {2021},
}

@article{Ferreira_2017,
  title = {Experimental characterization and micrography of 3d printed pla and pla reinforced with short carbon fibers},
  author = {Rafael Ferreira and Igor Amatte and Thiago Assis Dutra and and Daniel Burger},
  journal = {Composites Part B: Engineering},
  volume = {05},
  pages = {124},
  year = {2017},
}
